@article{jiang2010booksim,
	title={Booksim 2.0 userâ€™s guide},
	author={Jiang, Nan and Michelogiannakis, George and Becker, Daniel and Towles, Brian and Dally, William J},
	journal={Standford University},
	pages={q1},
	year={2010}
}

@book{dally2004principles,
	title={Principles and practices of interconnection networks},
	author={Dally, William James and Towles, Brian Patrick},
	year={2004},
	publisher={Elsevier}
}